@article{steuwer2015patterns,
  title={Patterns and Rewrite Rules for Systematic Code Generation (From High-Level Functional Patterns to High-Performance OpenCL Code)},
  author={Steuwer, Michel and Fensch, Christian and Dubach, Christophe},
  journal={arXiv preprint arXiv:1502.02389},
  year={2015}
}

@misc{atkeydata,
  title={Data Parallel Idealised Algol},
  author={Atkey, Robert and Steuwer, Michel and Lindley, Sam and Dubach, Christophe}
}