@article{DBLP:journals/corr/abs-1710-08332,
  author    = {Robert Atkey and
               Michel Steuwer and
               Sam Lindley and
               Christophe Dubach},
  title     = {Strategy Preserving Compilation for Parallel Functional Code},
  journal   = {CoRR},
  volume    = {abs/1710.08332},
  year      = {2017}
}

@article{wadler2015propositions,
  title={Propositions as types},
  author={Wadler, Philip},
  journal={Communications of the ACM},
  volume={58},
  number={12},
  pages={75--84},
  year={2015},
  publisher={ACM New York, NY, USA}
}

@inproceedings{hagedorn2018high,
  title={High performance stencil code generation with {Lift}},
  author={Hagedorn, Bastian and Stoltzfus, Larisa and Steuwer, Michel and Gorlatch, Sergei and Dubach, Christophe},
  booktitle={Proceedings of the 2018 International Symposium on Code Generation and Optimization},
  pages={100--112},
  year={2018}
}

@phdthesis{steuwer2015improving,
  title={Improving programmability and performance portability on many-core processors},
  author={Steuwer, Michel},
  school={University of M\"{u}nster},
  year={2015}
}

@inproceedings{altenkirch2007observational,
  title={Observational equality, now!},
  author={Altenkirch, Thorsten and McBride, Conor and Swierstra, Wouter},
  booktitle={Proceedings of the 2007 workshop on Programming languages meets program verification},
  pages={57--68},
  year={2007}
}

@unpublished{Cockx2019TypeTU,
  title={Type theory unchained: Extending type theory with user-defined rewrite rules},
  author={Jesper Cockx},
  year={2019},
  note={Unpublished paper}
}

@article{cockx2019tame,
  title={How to Tame your Rewrite Rules},
  author={Cockx, Jesper and Tabareau, Nicolas and Winterhalter, Th{\'e}o},
  journal={Types for Proofs and Programs, TYPES},
  year={2019}
}

@article{howard1980formulae,
  title={The formulae-as-types notion of construction},
  author={Howard, William A},
  journal={To HB Curry: essays on combinatory logic, lambda calculus and formalism},
  volume={44},
  pages={479--490},
  year={1980}
}

@article{curry1934functionality,
  title={Functionality in combinatory logic},
  author={Curry, Haskell B},
  journal={Proceedings of the National Academy of Sciences of the United States of America},
  volume={20},
  number={11},
  pages={584},
  year={1934},
  publisher={National Academy of Sciences}
}

@misc{agda,
 title = {Agda},
 author={Ulf, Norell and Nils, Anders Danielsson and Andreas, Abel},
 url = {https://wiki.portal.chalmers.se/agda/pmwiki.php},
 note = {Accessed 2 Apr. 2020}
}

@article{steuwer2015generating,
  title={Generating performance portable code using rewrite rules: from high-level functional expressions to high-performance OpenCL code},
  author={Steuwer, Michel and Fensch, Christian and Lindley, Sam and Dubach, Christophe},
  journal={ACM SIGPLAN Notices},
  volume={50},
  number={9},
  pages={205--217},
  year={2015},
  publisher={ACM New York, NY, USA}
}

@misc{agda-stdlib,
  author = {{Agda Developer Team}},
  title = {The Agda standard library},
  year = {2020},
  publisher = {GitHub},
  journal = {GitHub repository},
  url = {https://github.com/agda/agda-stdlib},
  note = {Accessed 2 Apr. 2020}
}

@inproceedings{abel2011irrelevance,
  title={Irrelevance in type theory with a heterogeneous equality judgement},
  author={Abel, Andreas},
  booktitle={International Conference on Foundations of Software Science and Computational Structures},
  pages={57--71},
  year={2011},
  organization={Springer}
}

@misc{agda-set,
  author = {{Agda Developer Team}},
  title = {Introduction to universes},
  url = {https://agda.readthedocs.io/en/latest/language/universe-levels.html},
  note = {Accessed 2 Apr. 2020}
}
